@article{AdobePhotoshopFete2015,
  title = {Adobe Photoshop fête ses 25 ans de retouches},
  year = {2015},
  url = {https://www.lemonde.fr/pixels/article/2015/02/20/adobe-photoshop-fetes-ses-25-ans-de-retouches_4579657_4408996.html},
  urldate = {2024-08-04},
  keywords = {histoire-sociologie}
}

@misc{archivesnationalesFranceMinistereInterieur,
  title = {France. Ministère de l'Intérieur. Service des voyages officiels et de la protection des hautes personnalités (1929-...)},
  shorttitle = {FRAN\_NP\_001397},
  author = {Archives nationales},
  keywords = {notices-producteur}
}

@misc{archivesnationalesFrancePresidenceRepublique,
  title = {France. Présidence de la République. Service de l'audiovisuel et de l'organisation technique des déplacements (2008- ....)},
  shorttitle = {FRAN\_NP\_009886},
  author = {Archives nationales},
  keywords = {notices-producteur}
}

@misc{articleL2131CodePatrimoine,
  title        = {Article L213-1 du Code du patrimoine},
  author       = {République Française},
  url          = {https://www.legifrance.gouv.fr/codes/article_lc/LEGIARTI000031971829},
  keywords = {cadre-juridique}
}


@misc{articleL2132CodePatrimoine,
  title        = {Article L213-2 du Code du patrimoine},
  author       = {République Française},
  url          = {https://www.legifrance.gouv.fr/codes/article_lc/LEGIARTI000043887707},
    keywords = {cadre-juridique}
}

@book{bajacPhotographieDaguerreotypeAu2010,
  title = {La photographie, du daguerréotype au numérique},
  author = {Bajac, Quentin},
  year = {2010},
  url = {https://data.bnf.fr/temp-work/34328eaba03e33bba2eb2e75c3bcb802/},
  urldate = {2024-08-04},
  keywords = {histoire-sociologie}
}

@book{banat-bergerArchivageNumeriqueLong2009,
  title = {L'archivage numérique à long terme :  les débuts de la maturité ?},
  shorttitle = {L'archivage numérique à long terme},
  author = {Banat-Berger Françoise and Duplouy, Laurent and Huc, Claude},
  year = {2009},
  series = {Manuels et guides pratiques},
  publisher = {la Documentation française},
  address = {Paris},
  isbn = {978-2-11-006942-9},
  keywords = {generalites}
}


@inproceedings{baronDarkArchivesEdemocracy2017,
  title = {Dark Archives and Edemocracy: Strategies for Overcoming Access Barriers to the Public Record Archives of the Future},
  shorttitle = {Dark Archives and Edemocracy},
  author = {Baron, Jason and Payne, Nathaniel},
  booktitle = {2017 Conference for E-Democracy and Open Government (CeDEM)},
  year = {2017},
  pages = {3--11},
  doi = {10.1109/CeDEM.2017.27},
  keywords = {generalites}
}

@misc{batReportagesPhotographiquesAutour2016,
  title = {Reportages photographiques autour des chefs de l'État et des présidents de la République (1938-1959) : répertoire méthodique},
  shorttitle = {FRAN\_IR\_050658},
  author = {Bat, Jean-Pierre and Bédague, Jean-Charles and Bouillon, Marie-Eve and Chave, Isabelle and Larbi, Ali and Milde, Catherine and Morant, Benoît},
  year = {2016},
  publisher = {Archives nationales},
  keywords = {instruments-recherche}
}


@misc{bothSystemeInformationArchivistique2020,
  type = {FRAD067 - Le carnet des Archives du Bas-Rhin},
  title = {Le système d’information archivistique},
  author = {Both, Hélène},
  year = {2020},
  month = apr,
  url = {https://frad067.hypotheses.org/1677},
  urldate = {2024-08-16},
  keywords = {systemes-archivage}
}

@incollection{bouillonRepresentationsCharlesGaulle2016,
  title = {Les représentations de Charles de Gaulle, président de la République : Sources photographiques du fonds 5~AG~1 des Archives nationales},
  shorttitle = {Les représentations de Charles de Gaulle, président de la République},
  booktitle = {Charles de Gaulle : Archives et histoire},
  author = {Bouillon, Marie-Ève},
  editor = {Chave, Isabelle and Even, Nicole},
  year = {2016},
  series = {Actes},
  publisher = {Publications des Archives nationales},
  address = {Pierrefitte-sur-Seine},
  doi = {10.4000/books.pan.405},
  url = {https://books.openedition.org/pan/405},
  urldate = {2024-08-04},
  isbn = {978-2-8218-6810-6},
  keywords = {sources-bibliographiques}
}

@book{bourdieuArtMoyenEssai1965,
  title = {Un art moyen: essai sur les usages sociaux de la photographie},
  shorttitle = {Un art moyen},
  author = {Bourdieu, Pierre and Boltanski, Luc and Castel, Robert and Chamboredon, Jean-Claude and Vendeuvre, Philippe},
  year = {1965},
  address = {France},
  issn = {0768-049X},
  isbn = {978-2-7073-0029-4},
  keywords = {histoire-sociologie}
}

@book{bureaucanadiendesarchivistesReglesPourDescription1990,
  title = {Règles pour la description des documents d'archives},
  editor = {Bureau canadien des archivistes},
  year = {2008},
  publisher = {Bureau Canadien des Archivistes},
  address = {Ottawa},
  isbn = {978-0-9690797-4-3},
  keywords = {generalites}
}

@book{charbonneauGestionArchivesPhotographiques2001,
  title = {La gestion des archives photographiques},
  editor = {Charbonneau, Normand and Robert, Mario},
  year = {2001},
  edition = {1},
  eprint = {j.ctv18pgjhn},
  eprinttype = {jstor},
  publisher = {Presses de l'Université du Québec},
  doi = {10.2307/j.ctv18pgjhn},
  url = {https://www.jstor.org/stable/j.ctv18pgjhn},
  urldate = {2024-08-04},
  isbn = {978-2-7605-1068-5},
  keywords = {gestion-archives}
}

@misc{charrierFondsPhotographiqueService2011,
  title = {Fonds photographique du Service central photographique et d'identité du Ministère de l'Intérieur : répertoire numérique détaillé des cotes F/7/16312 à F/7/17006},
  shorttitle = {Répertoire numérique détaillé des cotes F/7/16312 à F/7/17006},
  author = {Charrier, Émilie and Le Goëdec, Sylvie},
  year = {2011},
  publisher = {Archives nationales},
  keywords = {instruments-recherche}
}

@misc{chaveReportagesPhotographiquesPresidence2016,
  title = {Reportages photographiques de la présidence de Georges Pompidou (1969-1974) : inventaire détaillé des vues numérisées},
  shorttitle = {FRAN\_IR\_055457},
  author = {Chave, Isabelle and Mouly, Éleonore and Ciani, Christophe},
  year = {2016},
  publisher = {Archives nationales},
  keywords = {instruments-recherche}
}

@book{chirolletPenserPhotographieNumerique2015,
  title = {Penser la photographie numérique: la mutation digitale des images},
  shorttitle = {Penser la photographie numérique},
  author = {Chirollet, Jean-Claude},
  year = {2015},
  publisher = {l'Harmattan},
  address = {Paris, France},
  issn = {1269-8970},
  isbn = {978-2-343-05321-9},
  keywords = {histoire-sociologie}
}

@article{colavizzaArchivesAIOverview2021,
  title = {Archives and AI : An Overview of Current Debates and Future Perspectives},
  shorttitle = {Archives and AI},
  author = {Colavizza, Giovanni and Blanke, Tobias and Jeurgens, Charles and Noordegraaf, Julia},
  year = {2021},
  journal = {J. Comput. Cult. Herit.},
  volume = {15},
  number = {1},
  pages = {4:1--4:15},
  issn = {1556-4673},
  doi = {10.1145/3479010},
  url = {https://dl.acm.org/doi/10.1145/3479010},
  urldate = {2024-08-27},
  keywords = {archives-ia}
}

@article{conchonArchivageFichiersInformatiques1988,
  title = {L'archivage des fichiers informatiques. Bilan de la mise en œuvre de Constance (1982-1988)},
  author = {Conchon, Michèle},
  year = {1988},
  journal = {La Gazette des archives},
  volume = {141},
  number = {1},
  pages = {61--67},
  publisher = {Association des archivistes français},
  doi = {10.3406/gazar.1988.3072},
  url = {https://www.persee.fr/doc/gazar_0016-5522_1988_num_141_1_3072},
  urldate = {2024-08-27},
  keywords = {archivage-e-a-aux-archives-nationales}
}

@misc{clirDidacticielImagerieNumerique2000,
  title = {Didacticiel d'Imagerie Numérique - Terminologie de Base},
  author = {Council on Library and Information Resources and Cornell University},
  year = {2000},
  note = {2000/2003},
  howpublished = {De la théorie à la pratique : didacticiel d'imagerie numérique},
  url = {http://preservationtutorial.library.cornell.edu/tutorial-french/intro/intro-01.html},
  urldate = {2024-07-26},
  keywords = {traitements-caracteristiques}
}

@misc{clirDidacticielMetadata,
  title = {Didacticiel d'Imagerie Numérique - Métadonnées},
  author = {Council on Library and Information Resources and Cornell University},
  year = {2000},
  note = {2000/2003},
  howpublished = {De la théorie à la pratique : didacticiel d'imagerie numérique},
  url = {http://preservationtutorial.library.cornell.edu/tutorial-french/intro/intro-01.html},
  urldate = {2024-07-26},
  keywords = {traitements-caracteristiques}
}

@mastersthesis{perret2016ecrire,
  author       = {Perret, Arthur},
  title        = {Écrire l’image: Approche pragmatique et conceptuelle de la photographie numérique},
  school       = {ENSSIB},
  year         = {2016},
  type         = {Mémoire de master},
  address      = {Lyon},
  url	= {https://www.enssib.fr/bibliotheque-numerique/documents/67249-ecrire-l-image-approche-pragmatique-et-conceptuelle-de-la-photographie-numerique.pdf},
  note         = {Sous la direction de Pascal Robert, Année 2015/2016},
  keywords = {traitements-caracteristiques}
}

@mastersthesis{bergheindexation,
  author       = {Van Den Berghe, Fabien},
  title        = {L'indexation des documents iconographiques par les métadonnées internes},
  school       = {ENSSIB},
  year         = {2013},
  type         = {Mémoire de master},
  address      = {Lyon},
  url	= {https://www.enssib.fr/bibliotheque-numerique/documents/64111-l-indexation-des-documents-iconographiques-par-les-metadonnees-internes.pdf},
  note         = {Sous la direction de Éric Guichard, Année 2012/2013},
  keywords = {traitements-caracteristiques}
}

@misc{speacqbnf,
  title = {Spécifications techniques pour la photographie nativement numérique},
  author = {Filière Acquisitions et dons de documents numériques, Bibliothèque nationale de France},
  year = {2021},
  keywords = {traitements-caracteristiques}
}


@book{freundPhotographieSociete2006,
  title = {Photographie et société},
  author = {Freund, Gisèle},
  year = {2006},
  publisher = {Éditions Points},
  address = {Paris, France},
  issn = {0768-0457},
  isbn = {978-2-02-000660-6},
  keywords = {histoire-sociologie}
}

@misc{gunthertRevolutionPhotographieInstantanee,
  type = {Classes, le site pédagogique de la Bibliothèque nationale de France},
  title = {La révolution de la photographie instantanée, 1880-1900},
  author = {Gunthert, André},
  journal = {Les Nadar, une légende photographique},
  url = {https://classes.bnf.fr/les-nadar/instantane1.htm},
  urldate = {2004-07-29},
  keywords = {histoire-sociologie}
}


@article{langevinTechnologiesIntelligenceArtificielle2022,
  title = {Les technologies de l’intelligence artificielle au service des médias et des éditeurs de contenus : traitement du langage naturel (TAL)},
  shorttitle = {Les technologies de l’intelligence artificielle au service des médias et des éditeurs de contenus},
  author = {Langevin, Christian},
  year = {2022},
  journal = {I2D - Information, données \& documents},
  volume = {1},
  number = {1},
  pages = {30--37},
  publisher = {A.D.B.S.},
  issn = {2428-2111},
  doi = {10.3917/i2d.221.0030},
  url = {https://shs.cairn.info/article/I2D_221_0030?lang=fr&tab=resume},
  urldate = {2024-08-27},
  keywords = {archives-ia}
}

@misc{levasseurRetourExperienceStrategie2022,
  type = {Billet},
  title = {Retour d’expérience sur la stratégie de préservation des Archives nationales},
  author = {Levasseur, Émeline and {Sin Blima-Barru}, Martine},
  year = {2022},
  month = apr,
  journal = {Modernisation et archives},
  issn = {2496-9494},
  doi = {10.58079/u5yq},
  url = {https://siaf.hypotheses.org/1531},
  urldate = {2024-08-27},
  keywords = {archivage-e-a-aux-archives-nationales}
}

@article{marcotteArchivesConduiteChangement2015,
  title = {Archives et conduite du changement : l’exemple du projet ADAMANT},
  shorttitle = {Archives et conduite du changement},
  author = {Marcotte, Pierre},
  year = {2015},
  journal = {La Gazette des archives},
  volume = {240},
  number = {4},
  pages = {217--225},
  publisher = {Persée - Portail des revues scientifiques en SHS},
  doi = {10.3406/gazar.2015.5299},
  url = {https://www.persee.fr/doc/gazar_0016-5522_2015_num_240_4_5299},
  urldate = {2024-08-04},
  keywords = {archivage-e-a-aux-archives-nationales}
}

@misc{missionphotographiqueDescriptionDocumentsPhotographiques2019,
  title = {La description des documents photographiques dans les instruments de recherche},
  author = {nationales Mission Photographique, Archives},
  year = {2019},
  keywords = {generalites}
}

@misc{perez-bastiePresidenceJacquesChirac2015,
  title = {Présidence Jacques Chirac : archives électroniques et audioviduelles (1995-2007) ; état sommaire des versements effectués par le service des archives et de l'information documentaire de la Présidence de la République},
  shorttitle = {FRAN\_IR\_054605},
  author = {Perez-Bastié, Isabelle},
  year = {2015},
  publisher = {Archives nationales},
  keywords = {instruments-recherche}
}


@misc{programmevitamExtractionMetadonneesTechniques2020,
  title = {Extraction des métadonnées techniques},
  author = {Programme Vitam},
  year = {2020},
  url = {https://www.programmevitam.fr/ressources/DocCourante/autres/fonctionnel/20200131_NP_Vitam_preservation-extraction-MD-v2.0.pdf},
  urldate = {2024-08-10},
  keywords = {documentation-vitam}
}

@misc{programmevitamIdentificationFormatsFichiers2020,
  title = {Identification des formats de fichiers},
  author = {Programme Vitam},
  year = {2020},
  month = feb,
  url = {http://www.programmevitam.fr/ressources/DocCourante/autres/fonctionnel/20200131_NP_Vitam_preservation-identification-format-v2.0.pdf},
  keywords = {documentation-vitam}
}

@misc{programmevitamStructurationSubmissionInformation2023,
  title = {Structuration des Submission Information Packages (SIP)},
  author = {Programme Vitam},
  year = {2023},
  keywords = {documentation-vitam},
  url = {https://www.programmevitam.fr/ressources/DocCourante/autres/fonctionnel/VITAM_Structuration_des_SIP.pdf}
}

@book{rietschDematerialisationArchivageElectronique2006,
  title = {Dématérialisation et archivage électronique: mise en oeuvre de l'ILM (Information Lifecycle Management)},
  shorttitle = {Dématérialisation et archivage électronique},
  author = {Rietsch, Jean-Marc and Chabin, Marie-Anne and Caprioli, Eric A.},
  year = {2006},
  series = {InfoPro},
  publisher = {Dunod 01 informatique},
  address = {Paris},
  isbn = {978-2-10-050077-2},
  keywords = {generalites}
}

@misc{siafseda,
  title = {Dictionnaire des balises du SEDA},
  author = {Service interministériel des archives de France},
  year = {2018},
  url = {https://francearchives.gouv.fr/seda/Dictionnaire_SEDA2.1.pdf},
  keywords = {normes-description}
}

@article{sibilleStandardEchangeDonnees2015,
  title = {Le Standard d’échange de données pour l’archivage (SEDA), un outil structurant pour l’archivage},
  author = {Sibille, Claire and Nichele, Baptiste},
  year = {2015},
  journal = {La Gazette des archives},
  volume = {240},
  number = {4},
  pages = {153--164},
  publisher = {Persée - Portail des revues scientifiques en SHS},
  doi = {10.3406/gazar.2015.5291},
  url = {https://www.persee.fr/doc/gazar_0016-5522_2015_num_240_4_5291},
  urldate = {2024-08-04},
  keywords = {normes-description}
}



@article{sinblimabarruArchivageNumeriqueAux2015,
  title = {L’archivage numérique aux Archives nationales : de Constance à ADAMANT},
  shorttitle = {L’archivage numérique aux Archives nationales},
  author = {Sin Blima-Barru, Martine et Van de Walle, Thomas},
  year = {2015},
  journal = {La Gazette des archives},
  volume = {240},
  number = {4},
  pages = {73--74},
  publisher = {Persée - Portail des revues scientifiques en SHS},
  doi = {10.3406/gazar.2015.5280},
  url = {https://www.persee.fr/doc/gazar_0016-5522_2015_num_240_4_5280},
  urldate = {2024-08-04},
  keywords = {archivage-e-a-aux-archives-nationales}
}


@book{steinleImageArchivesImage2016,
  title = {L'image d'archives : Une image en devenir},
  shorttitle = {L'image d'archives},
  editor = {Steinle, Matthias and Maeck, Julie},
  year = {2016},
  journal = {L'image d'archives : Une image en devenir},
  series = {Histoire},
  publisher = {Presses universitaires de Rennes},
  address = {Rennes},
  url = {https://books.openedition.org/pur/46503},
  urldate = {2024-08-04},
  isbn = {978-2-7535-5572-3},
  keywords = {gestion-archives}
}

@article{touboulDroitsAuteurAgents2011,
  title = {Les droits d'auteur des agents publics issus de la loi DADVSI :},
  shorttitle = {Les droits d'auteur des agents publics issus de la loi DADVSI},
  author = {Touboul, Alexandra},
  year = {2011},
  journal = {LEGICOM},
  volume = {47},
  number = {2},
  pages = {75--84},
  publisher = {Victoires éditions},
  issn = {1244-9288},
  doi = {10.3917/legi.047.0075},
  url = {https://shs.cairn.info/article/LEGI_047_0075?lang=fr&tab=resume},
  urldate = {2024-08-27},
  keywords = {cadre-juridique}
}

@misc{sparBNF,
  title        = {SPAR (Système de Préservation et d'Archivage Réparti)},
  author       = {Bibliothèque nationale de France},
  url          = {https://www.bnf.fr/fr/spar-systeme-de-preservation-et-darchivage-reparti}, 
  note         = {Consulté le 27 août 2024},
  keywords = {systemes-archivage}
 }

@misc{verlhiacQuEstceQue2023,
  title = {Qu'est-ce que le stockage sur Linear Tape-Open (LTO)},
  author = {Verlhiac, Nicolas},
  year = {2023},
  month = apr,
  journal = {Ostraca},
  url = {https://blog.ostraca.fr/blog/definition-linear-tape-open-lto/},
  urldate = {2024-08-20},
  keywords = {archivage-e-a-aux-archives-nationales}
}

@misc{wakimSAESystemesStockage2011,
  title = {SAE et systèmes de stockage},
  author = {Wakim, Ziad},
  year = {2011},
  journal = {Journal du net},
  url = {https://www.journaldunet.com/cloud/1030698-sae-et-systemes-de-stockage/},
  urldate = {2024-08-16},
  keywords = {systemes-archivage}
}

@article{marcus2018deep,
  author       = {Gary Marcus},
  title        = {Deep Learning: A Critical Appraisal},
  year         = {2018},
  note         = {arXiv preprint abs/1801.00631},
  url          = {https://www.semanticscholar.org/paper/Deep-Learning%3A-A-Critical-Appraisal-Marcus/5e2bb96c47ccaa16a4e7192e8fadb3b3e1c3acdc},
  urldate      = {2024-08-22},
  keywords = {archives-ia}
}

@article{rolan2019more,
  author       = {Gregory Rolan and Glen Humphries and Lisa Jeffrey and Evanthia Samaras and Tatiana Antsoupo-va and Katharine Stuart},
  title        = {More human than human? Artificial intelligence in the archive},
  journal      = {Archives and Manuscripts},
  year         = {2019},
  volume       = {47},
  number       = {2},
  pages        = {179--203},
  url          = {https://www.tandfonline.com/doi/full/10.1080/01576895.2019.1608090}, 
  keywords = {archives-ia}
  }

@book{isad2000,
  author    = {International Council on Archives},
  title     = {ISAD(G) : norme générale et internationale de description archivistique},
  publisher  = {International Council on Archives},
  year      = {2000},
  address   = {Ottawa},
  url       = {https://www.ica.org/fr/resource/isadg-norme-generale-et-internationale-de-description-archivistique-deuxieme-edition/},
  keywords = {normes-description}
}

@online{pronom2024,
  author    = {The National Archives},
  title     = {PRONOM},
  url       = {https://www.nationalarchives.gov.uk/PRONOM/},
  note      = {Consulté le 10 juin 2024},
  address   = {Kew, Surrey TW9 4DU},
  organization = {The National Archives},
  keywords = {outils-archivage}
}

@online{droid2024,
  author    = {The National Archives},
  title     = {DROID},
  url       = {https://www.nationalarchives.gov.uk/information-management/manage-information/preserving-digital-records/droid/},
  note      = {Consulté le 10 juin 2024},
  address   = {Kew, Surrey TW9 4DU},
  organization = {The National Archives},
  keywords = {outils-archivage}
}

@online{itforarchivists2024,
  author    = {IT FOR ARCHIVISTS},
  title     = {Siegfried},
  url       = {https://www.itforarchivists.com/siegfried},
  note      = {Consulté le 4 juillet 2024},
  keywords = {outils-archivage}
}

@online{resip,
  author    = {PROGRAMME Vitam},
  title     = {ReSip},
  year      = {2022},
  url       = {https://www.programmevitam.fr/pages/ressources/resip/},
  note      = {Consulté le 30 juin 2024},
  keywords = {outils-archivage}
}

@online{PresentationConceptsMetadonnees,
author = {Adobe Experience League},
title = {Présentation des concepts des métadonnées},
year = {2024},
url = {https://experienceleague.adobe.com/fr/docs/experience-manager-65/content/assets/administer/metadata-concepts},
urldate = {2024-08-16},
keywords = {traitements-caracteristiques}
}

